<record><leader>00000cas a22000007a 4500</leader><controlfield tag="001">1715235</controlfield><controlfield tag="008">751019d19011913mnuwr ne      0    0eng d</controlfield><datafield ind1=" " ind2=" " tag="010"><subfield code="a">sn 89064621 </subfield></datafield><datafield ind1=" " ind2=" " tag="040"><subfield code="a">MUL</subfield><subfield code="b">eng</subfield><subfield code="c">MUL</subfield><subfield code="d">MN#</subfield><subfield code="d">OCLCQ</subfield><subfield code="d">OCLCF</subfield><subfield code="d">OCLCO</subfield></datafield><datafield ind1=" " ind2=" " tag="042"><subfield code="a">msc</subfield></datafield><datafield ind1=" " ind2=" " tag="043"><subfield code="a">n-us-mn</subfield></datafield><datafield ind1=" " ind2=" " tag="052"><subfield code="a">4144</subfield><subfield code="b">P47</subfield></datafield><datafield ind1=" " ind2=" " tag="052"><subfield code="a">4143</subfield><subfield code="b">C3</subfield></datafield><datafield ind1="0" ind2="4" tag="245"><subfield code="a">The pine tree blaze.</subfield></datafield><datafield ind1=" " ind2=" " tag="260"><subfield code="a">Pine River, Cass County, Minn. :</subfield><subfield code="b">E.S. Holman,</subfield><subfield code="c">-1913.</subfield></datafield><datafield ind1=" " ind2=" " tag="300"><subfield code="a">v.</subfield></datafield><datafield ind1=" " ind2=" " tag="310"><subfield code="a">Weekly</subfield></datafield><datafield ind1="1" ind2=" " tag="362"><subfield code="a">Began in June 1901.</subfield></datafield><datafield ind1="0" ind2=" " tag="362"><subfield code="a">-v. 13, no. 14 (July 18, 1913).</subfield></datafield><datafield ind1=" " ind2=" " tag="530"><subfield code="a">Available on microfilm from the Minnesota Historical Society.</subfield></datafield><datafield ind1=" " ind2=" " tag="588"><subfield code="a">Description based on: Vol. 1, no. 18 (Oct. 18, 1901).</subfield></datafield><datafield ind1=" " ind2="0" tag="651"><subfield code="a">Pine River (Minn.)</subfield><subfield code="v">Newspapers.</subfield></datafield><datafield ind1=" " ind2="7" tag="655"><subfield code="a">Newspapers.</subfield><subfield code="2">fast</subfield><subfield code="0">(OCoLC)fst01423814</subfield></datafield><datafield ind1=" " ind2="7" tag="651"><subfield code="a">Minnesota</subfield><subfield code="z">Pine River.</subfield><subfield code="2">fast</subfield><subfield code="0">(OCoLC)fst01211121</subfield></datafield><datafield ind1=" " ind2=" " tag="752"><subfield code="a">United States</subfield><subfield code="b">Minnesota</subfield><subfield code="c">Cass</subfield><subfield code="d">Pine River.</subfield></datafield><datafield ind1="0" ind2="7" tag="785"><subfield code="t">Pine River sentinel and the Backus weekly news</subfield><subfield code="w">(DLC)sn 89064787</subfield></datafield><datafield ind1="0" ind2="7" tag="785"><subfield code="t">Pine River sentinel-blaze</subfield><subfield code="w">(DLC)sn 89064622</subfield></datafield></record>